
@book {Spr98,
    AUTHOR = {Springer, Tonny A.},
     TITLE = {Linear algebraic groups},
    SERIES = {Progress in Mathematics},
    VOLUME = {9},
   EDITION = {Second},
 PUBLISHER = {Birkh\"auser Boston Inc.},
   ADDRESS = {Boston, MA},
      YEAR = {1998},
     PAGES = {xiv+334},
      ISBN = {0-8176-4021-5},
   MRCLASS = {20G15 (14L10)},
  MRNUMBER = {MR1642713 (99h:20075)},
MRREVIEWER = {Andy R. Magid},
}


@incollection {Vog93,
    AUTHOR = {Vogan, Jr., David A.},
     TITLE = {The local {L}anglands conjecture},
 BOOKTITLE = {Representation theory of groups and algebras},
    SERIES = {Contemp. Math.},
    VOLUME = {145},
     PAGES = {305--379},
 PUBLISHER = {Amer. Math. Soc.},
   ADDRESS = {Providence, RI},
      YEAR = {1993},
   MRCLASS = {22E50 (11S37)},
  MRNUMBER = {MR1216197 (94e:22031)},
MRREVIEWER = {Ernst-Wilhelm Zink},
}

@article {AV92,
    AUTHOR = {Adams, Jeffrey and Vogan, Jr., David A.},
     TITLE = {{$L$}-groups, projective representations, and the {L}anglands
              classification},
   JOURNAL = {Amer. J. Math.},
  FJOURNAL = {American Journal of Mathematics},
    VOLUME = {114},
      YEAR = {1992},
    NUMBER = {1},
     PAGES = {45--138},
      ISSN = {0002-9327},
     CODEN = {AJMAAN},
   MRCLASS = {22E46 (22E45)},
  MRNUMBER = {MR1147719 (93c:22021)},
MRREVIEWER = {D. Mili{\v{c}}i{\'c}},
}


@article {AV16,
    AUTHOR = {Adams, Jeffrey and Vogan, Jr., David A.},
     TITLE = {Contragredient representations and characterizing the local
              {L}anglands correspondence},
   JOURNAL = {Amer. J. Math.},
  FJOURNAL = {American Journal of Mathematics},
    VOLUME = {138},
      YEAR = {2016},
    NUMBER = {3},
     PAGES = {657--682},
      ISSN = {0002-9327},
   MRCLASS = {14D24 (11R39 22E46 22E47)},
  MRNUMBER = {3506381},
MRREVIEWER = {Zongbin Chen},
       DOI = {10.1353/ajm.2016.0024},
       URL = {http://dx.doi.org/10.1353/ajm.2016.0024},
}

    SERIES = {Progr. Math.},
    VOLUME = {87},
     PAGES = {485--563},
 PUBLISHER = {Birkh\"auser Boston},
   ADDRESS = {Boston, MA},
      YEAR = {1990},
   MRCLASS = {22E50 (11S37)},
  MRNUMBER = {MR1106907 (92i:22016)},
MRREVIEWER = {Ernst-Wilhelm Zink},
}

@article {Kot86,
    AUTHOR = {Kottwitz, Robert E.},
     TITLE = {Stable trace formula: elliptic singular terms},
   JOURNAL = {Math. Ann.},
  FJOURNAL = {Mathematische Annalen},
    VOLUME = {275},
      YEAR = {1986},
    NUMBER = {3},
     PAGES = {365--399},
      ISSN = {0025-5831},
     CODEN = {MAANA},
   MRCLASS = {22E55 (11F70 11F72)},
  MRNUMBER = {858284 (88d:22027)},
MRREVIEWER = {J. Szmidt},
       DOI = {10.1007/BF01458611},
       URL = {http://dx.doi.org/10.1007/BF01458611},
}


@article {KS99,
    AUTHOR = {Kottwitz, Robert E. and Shelstad, Diana},
     TITLE = {Foundations of twisted endoscopy},
   JOURNAL = {Ast\'erisque},
  FJOURNAL = {Ast\'erisque},
    NUMBER = {255},
      YEAR = {1999},
     PAGES = {vi+190},
      ISSN = {0303-1179},
   MRCLASS = {22E55 (11F70 11R34 22-02 22E50)},
  MRNUMBER = {MR1687096 (2000k:22024)},
MRREVIEWER = {Volker J. Heiermann},
}