@article {HC1,
    AUTHOR = {Harish-Chandra},
     TITLE = {Invariant eigendistributions on a semisimple {L}ie algebra},
   JOURNAL = {Inst. Hautes \'{E}tudes Sci. Publ. Math.},
  FJOURNAL = {Institut des Hautes \'{E}tudes Scientifiques. Publications
              Math\'{e}matiques},
    NUMBER = {27},
      YEAR = {1965},
     PAGES = {5--54},
      ISSN = {0073-8301},
   MRCLASS = {22.60},
  MRNUMBER = {180630},
       URL = {http://www.numdam.org/item?id=PMIHES_1965__27__5_0},
}
		
